@article{m√ºller1973deadtime,
	author = {M{\" u}ller, J{\" o}rg W.},
	journal = {Nuclear Instruments and Methods},
	number = {1-2},
	year = {1973},
	pages = {47--57},
	publisher = {Elsevier BV},
	title = {Dead-time problems},
	volume = {112},
}

@article{muller:1994,
  title={2. The Poisson Process},
  author={M{\"u}ller, JW and Lewis, VE and Smith, D and Taylor, JGV and Winkler, G},
  journal={Reports of the International Commission on Radiation Units and Measurements},
  number={1},
  pages={3--11},
  year={1994},
  publisher={SAGE Publications Sage CA: Los Angeles, CA}
}
@book{Knoll:2000fj,
     author = "Knoll, Glenn F.",
     title = "{Radiation Detection and Measurement, 3rd ed.}",
     edition = "3rd edition",
     isbn = "978-0-471-07338-3, 978-0-471-07338-3",
     publisher = "John Wiley and Sons",
     address = "New York",
     year = "2000"
}
@article{Cormack:1962,
title = {Dead-time losses with pulsed beams},
journal = {Nuclear Instruments and Methods},
volume = {15},
number = {3},
pages = {268-272},
year = {1962},
issn = {0029-554X},
doi = {https://doi.org/10.1016/0029-554X(62)90086-1},
url = {https://www.sciencedirect.com/science/article/pii/0029554X62900861},
author = {A.M. Cormack},
}
@article{pomme:2015uncertainty,
	author = {Pomm{\' e}, S and Fitzgerald, R and Keightley, J},
	journal = {Metrologia},
	number = {3},
	year = {2015},
	pages = {S3--S17},
	publisher = {IOP Publishing},
	title = {Uncertainty of nuclear counting},
	volume = {52},
}
@article{yu:2000mean,
	author = {Yu, Daniel F and Fessler, Jeffrey A},
	journal = {Physics in Medicine and Biology},
	number = {7},
	year = {2000},
	pages = {2043--2056},
	publisher = {IOP Publishing},
	title = {Mean and variance of single photon counting with deadtime},
	volume = {45},
}
@article{Vannucci:1978,
title = {Effects of rate variation on the counting statistics of dead-time-modified Poisson processes},
journal = {Optics Communications},
volume = {25},
number = {2},
pages = {267-272},
year = {1978},
issn = {0030-4018},
doi = {https://doi.org/10.1016/0030-4018(78)90322-X},
url = {https://www.sciencedirect.com/science/article/pii/003040187890322X},
author = {Giovanni Vannucci and Malvin Carl Teich},
}
@article{Vannucci:1981,
	author = {Vannucci, Giovanni and Teich, Malvin Carl},
	journal = {Journal of the Optical Society of America},
	number = {2},
	year = {1981},
	pages = {164},
	publisher = {Optica Publishing Group},
	title = {Dead-time-modified photocount mean and variance for chaotic radiation},
	volume = {71},
}

@article{Verma:2017inhomogeneous,
	author = {Verma, Gunjan and Drost, Robert J.},
	journal = {Journal of the Optical Society of America A},
	number = {5},
	year = {2017},
	pages = {770},
	publisher = {Optica Publishing Group},
	title = {Inhomogeneous {Poisson} process rate function inference from dead-time limited observations},
	volume = {34},
}

@article{Peterson:2021numerical,
	author = {Peterson, Adam J.},
	journal = {Biological Cybernetics},
	number = {2},
	year = {2021},
	pages = {177--190},
	publisher = {{Springer Science and Business Media LLC}},
	title = {A numerical method for computing interval distributions for an inhomogeneous {Poisson} point process modified by random dead times},
	volume = {115},
}

@article{Saleh:1981,
  author={Saleh, B. and Tavolacci, J. and Teich, M.},
  journal={IEEE Journal of Quantum Electronics}, 
  title={Discrimination of shot-noise-driven poisson processes by external dead time: Application to radioluminescence from glass}, 
  year={1981},
  volume={17},
  number={12},
  pages={2341-2350},
  doi={10.1109/JQE.1981.1070714}
}
@article{Teich:2000,
  author={Teich, M.C. and Saleh, B.E.A.},
  journal={IEEE Journal of Selected Topics in Quantum Electronics},
  title={Branching processes in quantum electronics},
  year={2000},
  volume={6},
  number={6},
  pages={1450-1457},
  doi={10.1109/2944.902200}
}

@article{Picinbono:2009output,
	author = {Picinbono, B.},
	journal = {Communications in Statistics - Simulation and Computation},
	number = {10},
	year = {2009},
	pages = {2198--2213},
	publisher = {Informa UK Limited},
	title = {Output {Dead}-{Time} in {Point} {Processes}},
	volume = {38},
}

@article{bi:1989closedform,
	author = {Bi, Qi},
	journal = {The Journal of the Acoustical Society of America},
	number = {6},
	year = {1989},
	pages = {2504--2513},
	publisher = {Acoustical Society of America (ASA)},
	title = {A closed-form solution for removing the dead time effects from the poststimulus time histograms},
	volume = {85},
}

@article{miller:1985algorithms,
	author = {Miller, Michael I.},
	journal = {The Journal of the Acoustical Society of America},
	number = {4},
	year = {1985},
	pages = {1452--1464},
	publisher = {Acoustical Society of America (ASA)},
	title = {Algorithms for removing recovery-related distortion from auditory-nerve discharge patterns},
	volume = {77},
}


